<record xmlns="http://www.loc.gov/MARC21/slim" xmlns:xsi="http://www.w3.org/2001/XMLSchema-instance" xsi:schemaLocation="http://www.loc.gov/MARC21/slim http://www.loc.gov/standards/marcxml/schema/MARC21slim.xsd"><leader>     nam a22        4500</leader><controlfield tag="001">3129504</controlfield><controlfield tag="003">NNC</controlfield><controlfield tag="006">m        d        </controlfield><controlfield tag="007">cr cn |||m|||a</controlfield><controlfield tag="008">150316s1901    ua      o     000 0 ara d</controlfield><datafield ind1=" " ind2=" " tag="040"><subfield code="a">NNU</subfield><subfield code="b">eng</subfield><subfield code="c">NNU</subfield></datafield><datafield ind1="0" ind2=" " tag="100"><subfield code="6">880-01</subfield><subfield code="a">Abu&#772; al-&#699;Ala&#772;&#700; al-Ma&#699;arri&#772;,</subfield><subfield code="d">973-1057.</subfield></datafield><datafield ind1="1" ind2="0" tag="245"><subfield code="6">880-02</subfield><subfield code="a">Di&#772;wa&#772;n saqt&#803; &#700;al-zand</subfield><subfield code="h">[electronic resource] /</subfield><subfield code="c">&#700;Abu&#772; &#700;al- &#699;Ala&#772;&#700; &#700;al-Ma&#699;arri&#772;.</subfield></datafield><datafield ind1=" " ind2=" " tag="260"><subfield code="a">["Cairo",</subfield><subfield code="c">1901]</subfield></datafield><datafield ind1=" " ind2=" " tag="300"><subfield code="a">online resource (174 p.)</subfield></datafield><datafield ind1=" " ind2=" " tag="500"><subfield code="a">Part of the Arabic Collections Online (ACO) project, contributed by Columbia University Libraries.</subfield></datafield><datafield ind1=" " ind2=" " tag="533"><subfield code="a">Electronic reproduction.</subfield><subfield code="b">New York, N.Y. :</subfield><subfield code="c">New York University,</subfield><subfield code="d">2015.</subfield><subfield code="5">NNU</subfield></datafield><datafield ind1="0" ind2="0" tag="600"><subfield code="6">880-03</subfield><subfield code="a">Abu&#772; al-&#699;Ala&#772;&#700; al-Ma&#699;arri&#772;,</subfield><subfield code="d">973-1057.</subfield></datafield><datafield ind1="0" ind2="7" tag="600"><subfield code="a">Abu&#772; al-&#699;Ala&#772;&#700; al-Ma&#699;arri&#772;,</subfield><subfield code="d">973-1057.</subfield><subfield code="2">fast</subfield><subfield code="0">(OCoLC)fst00093688</subfield></datafield><datafield ind1="2" ind2=" " tag="710"><subfield code="a">Columbia University.</subfield><subfield code="b">Libraries.</subfield></datafield><datafield ind1="0" ind2=" " tag="730"><subfield code="a">Arabic Collections Online.</subfield></datafield><datafield ind1="0" ind2="8" tag="776"><subfield code="i">Print version:</subfield><subfield code="a">Abu&#772; al-&#699;Ala&#772;&#700; al-Ma&#699;arri&#772;, 973-1057.</subfield><subfield code="t">Di&#772;wa&#772;n saqt&#803; &#700;al-zand</subfield><subfield code="w">(NNC)3129504</subfield><subfield code="w">(OCoLC)264519995</subfield></datafield><datafield ind1="4" ind2="0" tag="856"><subfield code="u">http://hdl.handle.net/2333.1/k0p2njs2</subfield></datafield><datafield ind1="0" ind2=" " tag="880"><subfield code="6">100-01</subfield><subfield code="a">&#1571;&#1576;&#1608; &#1593;&#1604;&#1575;&#1569; &#1575;&#1604;&#1605;&#1593;&#1585;&#1610; &#1548;</subfield><subfield code="d">1057-973.</subfield></datafield><datafield ind1="1" ind2="0" tag="880"><subfield code="6">245-02</subfield><subfield code="a">&#1583;&#1610;&#1608;&#1575;&#1606; &#1587;&#1602;&#1591; &#1575;&#1604;&#1586;&#1606;&#1583;/</subfield><subfield code="c">&#1604;&#1571;&#1576;&#1610; &#1575;&#1604;&#1593;&#1604;&#1575;&#1569; &#1575;&#1604;&#1605;&#1593;&#1585;&#1610;.</subfield></datafield><datafield ind1="0" ind2="4" tag="880"><subfield code="6">600-03</subfield><subfield code="a">&#1571;&#1576;&#1608; &#1575;&#1604;&#1593;&#1604;&#1575;&#1569; &#1575;&#1604;&#1605;&#1593;&#1585;&#1610;&#1548;</subfield><subfield code="d">&#1641;&#1639;&#1635;-&#1633;&#1632;&#1637;&#1639;.</subfield></datafield><datafield ind1=" " ind2=" " tag="959"><subfield code="a">NNU</subfield><subfield code="b">WEB</subfield><subfield code="c">GENI</subfield><subfield code="t">0</subfield><subfield code="m">Electronic access</subfield><subfield code="s">01</subfield></datafield><datafield ind1=" " ind2=" " tag="999"><subfield code="i">NNC_3129504</subfield><subfield code="o">(OCoLC)ocn264519995</subfield><subfield code="e">(ERROR-880)</subfield><subfield code="s">columbia_aco000324</subfield></datafield></record>